<?xml version="1.0" encoding="UTF-8"?><collection xmlns="http://www.loc.gov/MARC21/slim"><record><leader>00429nam--2200121-i-4500</leader><controlfield tag="001">000022022</controlfield><controlfield tag="002">20161230</controlfield><controlfield tag="005">20161230201034</controlfield><controlfield tag="008">060222s1000------------r-----000-0-eng-d</controlfield><datafield ind1=" " ind2=" " tag="080"><subfield code="a">016</subfield></datafield><datafield ind1=" " ind2=" " tag="245"><subfield code="a">Index bibliografic cuprinzind principalele colectii de reviste aflate in biblioteca centrului de documentare la data de 1 ianuarie 1959</subfield></datafield><datafield ind1=" " ind2=" " tag="260"><subfield code="a">Bucuresti, Min.Ind.Petrolului Si Chimiei, Centrul De Doc.,1959. 161p</subfield></datafield><datafield ind1=" " ind2=" " tag="852"><subfield code="a">D.1012</subfield></datafield></record></collection>